@inproceedings{test-ref,
    title = {{An Examplary Paper For The References}},
    author = {First Author AND Second Author AND Third Author},
    booktitle = {International Conference on Silly Walks},
    year = 2018,
}
